@article{hanin2017approximating,
  title={Approximating continuous functions by relu nets of minimal width},
  author={Hanin, Boris and Sellke, Mark},
  journal={arXiv preprint arXiv:1710.11278},
  year={2017}
}

@article{sejnowski2020unreasonable,
  title={The unreasonable effectiveness of deep learning in artificial intelligence},
  author={Sejnowski, Terrence J},
  journal={Proceedings of the National Academy of Sciences},
  volume={117},
  number={48},
  pages={30033--30038},
  year={2020},
  publisher={National Acad Sciences}
}

@article{krizhevsky2012imagenet,
  title={Imagenet classification with deep convolutional neural networks},
  author={Krizhevsky, Alex and Sutskever, Ilya and Hinton, Geoffrey E},
  journal={Advances in neural information processing systems},
  volume={25},
  year={2012}
}

@misc{dua2000inversion,
  title={Inversion of neural networks: A solution to the problems encountered by a steel corporation},
  author={Dua, Ashima and Gupta, Amar},
  year={2000},
  publisher={May}
}

@article{kabir2008neural,
  title={Neural network inverse modeling and applications to microwave filter design},
  author={Kabir, Humayun and Wang, Ying and Yu, Ming and Zhang, Qi-Jun},
  journal={IEEE Transactions on Microwave Theory and Techniques},
  volume={56},
  number={4},
  pages={867--879},
  year={2008},
  publisher={IEEE}
}

@techreport{motzkin1952theory,
  title={The theory of linear inequalities},
  author={Motzkin, Theodor},
  year={1952},
  institution={RAND CORP SANTA MONICA CA}
}

@article{matoba2020computing,
  title={Computing Preimages of Deep Neural Networks with Applications to Safety},
  author={Matoba, Kyle and Fleuret, Fran{\c{c}}ois},
  year={2020}
}

@article{carlsson2016preimage,
  title={The preimage of rectifier network activities},
  author={Carlsson, Stefan and Azizpour, Hossein and Razavian, Ali},
  year={2016}
}

